
@Misc{flow_plume,
	title = {Flow, by {Plume} {Labs} {\textbar} {The} {First} {Smart} {Air} {Quality} {Tracker}},
	url = {https://plumelabs.com/en/flow/},
	abstract = {A companion to explain whatâ€™s in your air, anywhere. Flow is the intelligent device that fits into your daily life and helps you make the best air quality choices for yourself, your family, your community.},
	language = {en},
	urldate = {2020-04-02}
}

@Misc{lady_ada_adafruit_2019,
	title = {Adafruit {SGP30} {TVOC}/{eCO2} {Gas} {Sensor}},
	url = {https://www.mouser.co.uk/datasheet/2/737/adafruit-sgp30-gas-tvoc-eco2-mox-sensor-1396564.pdf},
	author = {Lady Ada},
	month = apr,
	year = {2019}
}

@Misc{wiki_aqi,
	title = {Air quality index},
	copyright = {Creative Commons Attribution-ShareAlike License},
	url = {https://en.wikipedia.org/w/index.php?title=Air_quality_index&oldid=947570898},
	abstract = {An air quality index (AQI) is used by government agencies to communicate to the public how polluted the air currently is or how polluted it is forecast to become. Public health risks increase as the AQI rises. Different countries have their own air quality indices, corresponding to different national air quality standards. Some of these are the Air Quality Health Index (Canada), the Air Pollution Index (Malaysia), and the Pollutant Standards Index (Singapore).},
	language = {en},
	urldate = {2020-04-02},
	journal = {Wikipedia},
	month = mar,
	year = {2020},
	note = {Page Version ID: 947570898}
}

@Misc{grove_sensor,
	title = {Grove - {Multichannel} {Gas} {Sensor} - {Seeed} {Wiki}},
	url = {http://wiki.seeedstudio.com/Grove-Multichannel_Gas_Sensor/},
	abstract = {Seeed Product Document},
	urldate = {2020-04-02}
}

@Misc{defra_aqi,
	title = {What is the {Daily} {Air} {Quality} {Index}?- {Defra}, {UK}},
	shorttitle = {What is the {Daily} {Air} {Quality} {Index}?},
	url = {https://uk-air.defra.gov.uk/air-pollution/daqi?view=more-info},
	language = {eng},
	urldate = {2020-04-02},
	author = {Department for Environment, Food {and} Rural Affairs (Defra) webmaster@defra gsi gov uk}
}

@Misc{euro_aqi,
	title = {European {Air} {Quality} {Index}},
	url = {https://airindex.eea.europa.eu/},
	urldate = {2020-04-02}
}

@Misc{frdm_k64f,
	title = {{FRDM}-{K64F} {\textbar} {Mbed}},
	url = {https://os.mbed.com/platforms/FRDM-K64F/},
	urldate = {2020-04-02}
}

@Misc{firebase_auth,
	title = {Firebase {Authentication}},
	url = {https://firebase.google.com/docs/auth},
	language = {en},
	urldate = {2020-04-02},
	journal = {Firebase}
}

@Misc{firebase_firestore,
	title = {Cloud {Firestore}},
	url = {https://firebase.google.com/docs/firestore},
	abstract = {Use our flexible, scalable NoSQL cloud database to store and sync data for client- and server-side development.},
	language = {en},
	urldate = {2020-04-02},
	journal = {Firebase}
}

@Misc{firebase_hosting,
	title = {Firebase {Hosting}},
	url = {https://firebase.google.com/docs/hosting},
	abstract = {Firebase Hosting provides fast and secure hosting for your web app, static and dynamic content, and microservices.},
	language = {en},
	urldate = {2020-04-02},
	journal = {Firebase}
}

@Misc{firebase_functions,
	title = {Cloud {Functions} for {Firebase}},
	url = {https://firebase.google.com/docs/functions},
	language = {en},
	urldate = {2020-04-02},
	journal = {Firebase}
}

@Misc{firebase_security,
	title = {Firebase {Security} {Rules}},
	url = {https://firebase.google.com/docs/rules},
	abstract = {Use our flexible, extensible Firebase Security Rules to secure your data in Cloud Firestore, Firebase Realtime Database, and Cloud Storage.},
	language = {en},
	urldate = {2020-04-02},
	journal = {Firebase}
}

@Misc{firebase_messaging,
	title = {Firebase {Cloud} {Messaging}},
	url = {https://firebase.google.com/docs/cloud-messaging},
	abstract = {Firebase Cloud Messaging (FCM) is a cross-platform messaging solution that lets you reliably send messages at no cost.},
	language = {en},
	urldate = {2020-04-02},
	journal = {Firebase}
}

@Misc{android_fusedlocation,
	title = {Fused {Location} {Provider} {API}},
	url = {https://developers.google.com/location-context/fused-location-provider},
	abstract = {Get location data for your app based on combined signals from the device sensors using a battery-efficient API.},
	language = {en},
	urldate = {2020-04-02},
	journal = {Google Developers}
}

@Misc{mapbox_intro,
	title = {Introduction},
	url = {https://www.mapbox.com/mapbox-gl-js/overview/},
	abstract = {Introduction to Mapbox GL JS, a JavaScript library that uses WebGL to render interactive maps from vector tiles and Mapbox styles.},
	language = {en},
	urldate = {2020-04-02},
	journal = {Mapbox}
}

@Misc{vuejs_home,
	title = {Vue.js},
	url = {https://vuejs.org/},
	abstract = {Vue.js - The Progressive JavaScript Framework},
	language = {en},
	urldate = {2020-04-02}
}

@Misc{airnow_aqi,
	title = {Air {Quality} {Index} ({AQI}) {Basics}},
	url = {https://www.airnow.gov/index.cfm?action=aqibasics.aqi},
	abstract = {Air Quality Index (AQI) Basics - The AQI is an index for reporting daily air quality},
	urldate = {2020-04-02}
}